@article{StarWhitePaper,
      author         = "Adams, John and others",
      title          = "{Experimental and theoretical challenges in the search
                        for the quark gluon plasma: The STAR Collaboration's
                        critical assessment of the evidence from RHIC collisions}",
      collaboration  = "STAR",
      journal        = "Nucl. Phys.",
      volume         = "A757",
      year           = "2005",
      pages          = "102-183",
      doi            = "10.1016/j.nuclphysa.2005.03.085",
      NOeprint         = "nucl-ex/0501009",
      archivePrefix  = "arXiv",
      primaryClass   = "nucl-ex",
}

@article{PhenixWhitePaper,
      author         = "Adcox, K. and others",
      title          = "{Formation of dense partonic matter in relativistic
                        nucleus-nucleus collisions at RHIC: Experimental
                        evaluation by the PHENIX collaboration}",
      collaboration  = "PHENIX",
      journal        = "Nucl. Phys.",
      volume         = "A757",
      year           = "2005",
      pages          = "184-283",
      doi            = "10.1016/j.nuclphysa.2005.03.086",
      NOeprint         = "nucl-ex/0410003",
      archivePrefix  = "arXiv",
      primaryClass   = "nucl-ex",
}

@article{LhcSummary,
      author         = "Muller, Berndt and Schukraft, Jurgen and Wyslouch,
                        Boleslaw",
      title          = "{First Results from Pb+Pb collisions at the LHC}",
      journal        = "Ann. Rev. Nucl. Part. Sci.",
      volume         = "62",
      year           = "2012",
      pages          = "361-386",
      doi            = "10.1146/annurev-nucl-102711-094910",
      NOeprint         = "1202.3233",
      archivePrefix  = "arXiv",
      primaryClass   = "hep-ex",
      reportNumber   = "CERN-OPEN-2012-005",
}

@article{Adamczyk:2015ukd,
      author         = "Adamczyk, L. and others",
      title          = "{Centrality and transverse momentum dependence of
                        elliptic flow of multistrange hadrons and $\phi$ meson in
                        Au+Au collisions at $\sqrt{s_{NN}}$ = 200 GeV}",
      collaboration  = "STAR",
      journal        = "Phys. Rev. Lett.",
      volume         = "116",
      year           = "2016",
      number         = "6",
      pages          = "062301",
      doi            = "10.1103/PhysRevLett.116.062301",
      eprint         = "1507.05247",
      archivePrefix  = "arXiv",
      primaryClass   = "nucl-ex",
      SLACcitation   = "%%CITATION = ARXIV:1507.05247;%%"
}

@article{Abelev:2014pua,
      author         = "Abelev, Betty Bezverkhny and others",
      title          = "{Elliptic flow of identified hadrons in Pb-Pb collisions
                        at $ \sqrt{s_{\mathrm{NN}}}=2.76 $ TeV}",
      collaboration  = "ALICE",
      journal        = "JHEP",
      volume         = "06",
      year           = "2015",
      pages          = "190",
      doi            = "10.1007/JHEP06(2015)190",
      eprint         = "1405.4632",
      archivePrefix  = "arXiv",
      primaryClass   = "nucl-ex",
      reportNumber   = "CERN-PH-EP-2014-104",
      SLACcitation   = "%%CITATION = ARXIV:1405.4632;%%"
}

@article{Moore:2004tg,
      author         = "Moore, Guy D. and Teaney, Derek",
      title          = "{How much do heavy quarks thermalize in a heavy ion
                        collision?}",
      journal        = "Phys. Rev.",
      volume         = "C71",
      year           = "2005",
      pages          = "064904",
      doi            = "10.1103/PhysRevC.71.064904",
      NOeprint         = "hep-ph/0412346",
      archivePrefix  = "arXiv",
      primaryClass   = "hep-ph",
}

@article{Rapp:2008qc,
      author         = "Rapp, Ralf and van Hees, Hendrik",
      title          = "{Heavy Quark Diffusion as a Probe of the Quark-Gluon
                        Plasma}",
      year           = "2008",
      eprint         = "0803.0901",
      archivePrefix  = "arXiv",
      primaryClass   = "hep-ph",
}

@article{Star_D_pp,
      author = "Adamczyk, L. and others",
      title = {Measurements of ${D}^{0}$ and ${D}^{\mathbf{*}}$ production in $p\mathbf{+}p$ collisions at $\sqrt{s}\mathbf{=}200\text{ }\text{ }\mathrm{GeV}$},
      collaboration = "STAR",
      journal = "Phys. Rev. D",
      volume = "86",
      issue = "7",
      pages = "072013",
      numpages = "14",
      year = "2012",
      month = "Oct",
      publisher = "American Physical Society",
      doi = "10.1103/PhysRevD.86.072013",
}

@article{Ziwei_Lin,
  author = "Lin, Ziwei and Gyulassy, Miklos",
  title = {Open charm as a probe of preequilibrium dynamics in nuclear collisions},
  journal = "Phys. Rev. C",
  volume = "51",
  issue = "4",
  pages = "2177--2187",
  numpages = "0",
  year = "1995",
  month = "Apr",
  publisher = "American Physical Society",
  doi = "10.1103/PhysRevC.51.2177",
}

@article{Cacciari,
  author = "Cacciari, Matteo and Nason, Paolo and Vogt, Ramona",
  title = {QCD Predictions for Charm and Bottom Quark Production at RHIC},
  journal = "Phys. Rev. Lett.",
  volume = "95",
  issue = "12",
  pages = "122001",
  numpages = "4",
  year = "2005",
  month = "Sep",
  publisher = "American Physical Society",
  doi = "10.1103/PhysRevLett.95.122001",
}

@article{Moore,
  title = {How much do heavy quarks thermalize in a heavy ion collision?},
  author = "Moore, Guy D. and Teaney, Derek",
  journal = "Phys. Rev. C",
  volume = "71",
  issue = "6",
  pages = "064904",
  numpages = "19",
  year = "2005",
  month = "Jun",
  publisher = "American Physical Society",
  doi = "10.1103/PhysRevC.71.064904",
}

@article{Star_D_RAA,
      author         = "Adamczyk, L. and others",
      title          = "{Observation of $D^0$ Meson Nuclear Modifications in
                        Au+Au Collisions at $\sqrt{s_{NN}}$ = 200\,GeV}",
      collaboration  = "STAR",
      journal        = "Phys. Rev. Lett.",
      volume         = "113",
      year           = "2014",
      number         = "14",
      pages          = "142301",
      doi            = "10.1103/PhysRevLett.113.142301",
      NOeprint         = "1404.6185",
      archivePrefix  = "arXiv",
      primaryClass   = "nucl-ex",
}

@article{Star_D_RAA_corr,
      author         = "Adamczyk, L. and others",
      title          = "{Erratum}",
      year           = "2018",
      eprint         = "xxxx.xxxxx",
      archivePrefix  = "arXiv",
      primaryClass   = "nucl-ex",
      url            = "http://www.star.bnl.gov/protected/heavy/yfzhang/Run11/paper/D0/erratum/erratum_v7.pdf",
}

@article{Star_D_v2,
      author         = "Adamczyk, L. and others",
      title          = "{Measurement of $D^0$ Azimuthal Anisotropy at Midrapidity
                        in Au+Au Collisions at $\sqrt{s_{NN}}$=200  GeV}",
      collaboration  = "STAR",
      journal        = "Phys. Rev. Lett.",
      volume         = "118",
      year           = "2017",
      number         = "21",
      pages          = "212301",
      doi            = "10.1103/PhysRevLett.118.212301",
      eprint         = "1701.06060",
      archivePrefix  = "arXiv",
      primaryClass   = "nucl-ex",
      SLACcitation   = "%%CITATION = ARXIV:1701.06060;%%"
}

@article{charm_frag,
  author="Lisovyi, Mykhailo and Verbytskyi, Andrii and Zenaiev, Oleksandr",
  title="{Combined analysis of charm-quark fragmentation-fraction measurements}",
  journal="The European Physical Journal C",
  year="2016",
  month="Jul",
  day="14",
  volume="76",
  number="7",
  pages="397",
}

@article{Alice_D_RAA_1,
      author         = "Abelev, Betty and others",
      title          = "{Suppression of high transverse momentum D mesons in
                        central Pb-Pb collisions at $\sqrt{s_{NN}}$ = 2.76\,TeV}",
      collaboration  = "ALICE",
      journal        = "JHEP",
      volume         = "09",
      year           = "2012",
      pages          = "112",
      doi            = "10.1007/JHEP09(2012)112",
      NOeprint         = "1203.2160",
      archivePrefix  = "arXiv",
      primaryClass   = "nucl-ex",
      reportNumber   = "CERN-PH-EP-2012-069",
}

@article{Alice_D_RAA_2,
      author         = "Adam, Jaroslav and others",
      title          = "{Transverse momentum dependence of D-meson production in
                        Pb-Pb collisions at $\sqrt{s_{\rm NN}}$ = 2.76\,TeV}",
      collaboration  = "ALICE",
      journal       = "JHEP",
      volume      = "03",
      year           = "2016",
      pages        = "081",
      doi             = "10.1007/JHEP03(2016)081",
      NOeprint         = "1509.06888",
      archivePrefix  = "arXiv",
      primaryClass   = "nucl-ex",
      reportNumber   = "CERN-PH-EP-2015-252",
}

@article{Alice_D_v2_276TeV_PRL,
      author         = "Abelev, B. and others",
      title          = "{D meson elliptic flow in non-central Pb-Pb collisions at
                        $\sqrt{s_{\rm NN}}$ = 2.76\,TeV}",
      collaboration  = "ALICE",
      journal        = "Phys. Rev. Lett.",
      volume         = "111",
      year           = "2013",
      pages          = "102301",
      doi            = "10.1103/PhysRevLett.111.102301",
      NOeprint         = "1305.2707",
      archivePrefix  = "arXiv",
      primaryClass   = "nucl-ex",
      reportNumber   = "CERN-PH-EP-2013-085",
}

@article{Alice_D_v2_276TeV_PRC,
      author         = "Abelev, Betty Bezverkhny and others",
      title          = "{Azimuthal anisotropy of D meson production in Pb-Pb
                        collisions at $\sqrt{s_{\rm NN}}$ = 2.76\,TeV}",
      collaboration  = "ALICE",
      journal        = "Phys. Rev.",
      volume         = "C90",
      year           = "2014",
      number         = "3",
      pages          = "034904",
      doi            = "10.1103/PhysRevC.90.034904",
      NOeprint         = "1405.2001",
      archivePrefix  = "arXiv",
      primaryClass   = "nucl-ex",
      reportNumber   = "CERN-PH-EP-2014-083",
}

@article{CMS_D_RAA_5TeV,
      author         = "Sirunyan, Albert M and others",
      title          = "{Nuclear modification factor of D0 mesons in PbPb
                        collisions at sqrt(s[NN]) = 5.02 TeV}",
      collaboration  = "CMS",
      year           = "2017",
      eprint         = "1708.04962",
      archivePrefix  = "arXiv",
      primaryClass   = "nucl-ex",
      reportNumber   = "CMS-HIN-16-001, CERN-EP-2017-186",
      SLACcitation   = "%%CITATION = ARXIV:1708.04962;%%",
}

@article{CMS_D_vn_5TeV,
      author         = "Sirunyan, Albert M and others",
      title          = "{Measurement of prompt $D^0$ meson azimuthal anisotropy
                        in PbPb collisions at $\sqrt{{s}_{NN}}$ = 5.02 TeV}",
      collaboration  = "CMS",
      year           = "2017",
      eprint         = "1708.03497",
      archivePrefix  = "arXiv",
      primaryClass   = "nucl-ex",
      reportNumber   = "CMS-HIN-16-007, CERN-EP-2017-174",
      SLACcitation   = "%%CITATION = ARXIV:1708.03497;%%",
}

@article{Duke,
      author         = "Cao, S. S. and Qin, G.Y. and Bass, S. A.",
      title          = "{Energy loss, hadronization and hadronic interactions of heavy flavors in relativistic heavy-ion collisions}",
      journal        = "Phys. Rev.",
      volume         = "C92",
      year           = "2015",
      pages          = "024907",
      doi            = "10.1103/PhysRevC.92.024907",
      NOeprint         = "1505.01413",
      archivePrefix  = "arXiv",
      primaryClass   = "nucl-th",
}

@MISC{DukePrivateCom,
	 author = "Xu, Yingru",
     title = "",
     howpublished = "and private communication",
}

@article{SUBATECH,
     author     = "Ozvenchuk, V. and Torres-Rincon, J.M. and Gossiaux, P.B. and Aichelin, J. and Tolos, L.",
     title          = "{$D$-meson propagation in hadronic matter and consequences for heavy-flavor observables in ultrarelativistic heavy-ion collisions}",
     journal     = "Phys. Rev.",
     volume    = "C90",
     year        = "2014",
     pages     = "054909",
     doi          = "10.1103/PhysRevC.90.054909",
     NOeprint = "1408.4938",
     archivePrefix = "arXiv",
     primaryClass = "hep-ph",
}     

@article{SUBATECH2,
      author         = "Nahrgang, Marlene and Aichelin, Jorg and Bass, Steffen
                        and Gossiaux, Pol Bernard and Werner, Klaus",
      title          = "{Elliptic and triangular flow of heavy flavor in
                        heavy-ion collisions}",
      journal        = "Phys. Rev.",
      volume         = "C91",
      year           = "2015",
      number         = "1",
      pages          = "014904",
      doi            = "10.1103/PhysRevC.91.014904",
      NOeprint         = "1410.5396",
      archivePrefix  = "arXiv",
      primaryClass   = "hep-ph",
}

@MISC{SUBATECHPrivateCom,
     title = "",
     howpublished = "and private communication",
}

@article{TAMU,
      author         = "He, Min and Fries, Rainer J. and Rapp, Ralf",
      title          = "{Heavy-Quark Diffusion and Hadronization in Quark-Gluon
                        Plasma}",
      journal        = "Phys. Rev.",
      volume         = "C86",
      year           = "2012",
      pages          = "014903",
      doi            = "10.1103/PhysRevC.86.014903",
      NOeprint         = "1106.6006",
      archivePrefix  = "arXiv",
      primaryClass   = "nucl-th",
}

@article{TAMU2,
      author         = "He, Min and Fries, Rainer J. and Rapp, Ralf",
      title          = "{$\mathbf{D_s}$-Meson as Quantitative Probe of Diffusion
                        and Hadronization in Nuclear Collisions}",
      journal        = "Phys. Rev. Lett.",
      volume         = "110",
      year           = "2013",
      number         = "11",
      pages          = "112301",
      doi            = "10.1103/PhysRevLett.110.112301",
      NOeprint         = "1204.4442",
      archivePrefix  = "arXiv",
      primaryClass   = "nucl-th",
}

@MISC{TAMUPrivateCom,
     title = "",
     howpublished = "and private communication",
}

@article{LBT,
      author      = "Cao, Shanshan and Luo, Tan and Qin, Guang-You and Wang, Xin-Nian",
      title           = "{Linearized Boltzmann transport model for jet propagation in the quark-gluon plasma: Heavy quark evolution}",
      journal      = "Phys. Rev.",
      volume     = "C94",
      year          = "2016",
      pages       = "014909",
      doi            = "10.1103/PhysRevC.94.014909",
      Noeprint   = "1605.06447",
      archivePrefix = "arXiv",
      primaryClass  = "nucl-th",
 }     

@article{Torino,
      author         = "Alberico, W. M. and Beraudo, A. and De Pace, A. and
                        Molinari, A. and Monteno, M. and Nardi, M. and Prino, F.",
      title          = "{Heavy-flavour spectra in high energy nucleus-nucleus
                        collisions}",
      journal        = "Eur. Phys. J.",
      volume         = "C71",
      year           = "2011",
      pages          = "1666",
      doi            = "10.1140/epjc/s10052-011-1666-6",
      NOeprint         = "1101.6008",
      archivePrefix  = "arXiv",
      primaryClass   = "hep-ph",
}

@article{Torino2,
      author         = "Beraudo, A. and De Pace, A. and Monteno, M. and Nardi, M.
                        and Prino, F.",
      title          = "{Heavy flavors in heavy-ion collisions: quenching, flow
                        and correlations}",
      journal        = "Eur. Phys. J.",
      volume         = "C75",
      year           = "2015",
      number         = "3",
      pages          = "121",
      doi            = "10.1140/epjc/s10052-015-3336-6",
      NOeprint         = "1410.6082",
      archivePrefix  = "arXiv",
      primaryClass   = "hep-ph",
}

@article{PHSD,
      author         = "Berrehrah, H. and Gossiaux, P. B. and Aichelin, J. and
                        Cassing, W. and Torres-Rincon, J. M. and Bratkovskaya, E.",
      title          = "{Transport coefficients of heavy quarks around $T_c$ at
                        finite quark chemical potential}",
      journal        = "Phys. Rev.",
      volume         = "C90",
      year           = "2014",
      pages          = "051901",
      doi            = "10.1103/PhysRevC.90.051901",
      NOeprint         = "1406.5322",
      archivePrefix  = "arXiv",
      primaryClass   = "hep-ph",
}

@article{PHSD2,
      author         = "Song, T. and Berrehrah, H. and Cebrera, D. and Torres-Rincon, J.M. and Tolos, L. and
		      	Cassing, W. and Bratkovskaya, E.",
      title          = "{Tomography of the quark-gluon plasm by charm quarks}",
      journal        = "Phys. Rev.",
      volume         = "C92",
      year           = "2015",
      number         = "1",
      pages          = "014910",
      doi            = "10.1103/PhysRevC.92.014910",
      NOeprint         = "1503.03039",
      archivePrefix  = "arXiv",
      primaryClass   = "nucl-ph",
}

@article{PhenixNpe,
      author         = "Adare, A. and others",
      title          = "{Energy Loss and Flow of Heavy Quarks in Au+Au Collisions
                        at $\sqrt{s_{\rm NN}}$ = 200\,GeV}",
      collaboration  = "PHENIX",
      journal        = "Phys. Rev. Lett.",
      volume         = "98",
      year           = "2007",
      pages          = "172301",
      doi            = "10.1103/PhysRevLett.98.172301",
      NOeprint         = "nucl-ex/0611018",
      archivePrefix  = "arXiv",
      primaryClass   = "nucl-ex",
}

@article{PhenixNpe2,
      author         = "Adare, A. and others",
      title          = "{Heavy-quark production in p+p and energy loss and flow of heavy quarks in Au+Au collisions at $\sqrt{s_{\rm NN}}$ = 200\,GeV}",
      collaboration  = "PHENIX",
      journal        = "Phys. Rev.",
      volume         = "C84",
      year           = "2011",
      pages          = "044905",
      doi            = "10.1103/PhysRevC.84.044905",
}

@article{STARNpe,
	author    = "Adamczyk, L. and others",
	collaboration = "STAR",
	year  = "2014",
        eprint      = "1405.6348",
        archivePrefix = "arXiv",
        primaryClass  = "hep-ex",
}	

@article{BAMPS,
      author         = "Uphoff, Jan and Fochler, Oliver and Xu, Zhe and Greiner,
                        Carsten",
      title          = "{Open Heavy Flavor in Pb+Pb Collisions at $\sqrt{s}$ = 2.76
                        TeV within a Transport Model}",
      journal        = "Phys. Lett.",
      volume         = "B717",
      year           = "2012",
      pages          = "430-435",
      doi            = "10.1016/j.physletb.2012.09.069",
      NOeprint         = "1205.4945",
      archivePrefix  = "arXiv",
      primaryClass   = "hep-ph",
}

@article{BAMPS2,
      author         = "Uphoff, Jan and Fochler, Oliver and Xu, Zhe and Greiner,
                        Carsten",
      title          = "{Elastic vs. radiative heavy quark energy loss within a
                        transport model}",
      journal        = "Nucl. Phys.",
      volume         = "A932",
      year           = "2014",
      pages          = "247-252",
      doi            = "10.1016/j.nuclphysa.2014.07.024",
}

@article{LANL,
      author         = "Sharma, Rishi and Vitev, Ivan and Zhang, Ben-Wei",
      title          = "{Light-cone wave function approach to open heavy flavor
                        dynamics in QCD matter}",
      journal        = "Phys. Rev.",
      volume         = "C80",
      year           = "2009",
      pages          = "054902",
      doi            = "10.1103/PhysRevC.80.054902",
      NOeprint         = "0904.0032",
      archivePrefix  = "arXiv",
      primaryClass   = "hep-ph",
}


@article{hydroPang,
      author         = "Pang, Long Gang and Hatta, Yoshitaka and Wang, Xin Nian
                        and Xiao, Bo Wen",
      title          = "{Analytical and numerical Gubser solutions of the
                        second-order hydrodynamics}",
      journal        = "Phys. Rev.",
      volume         = "D91",
      year           = "2015",
      pages          = "074027",
      doi            = "10.1103/PhysRevD.91.074027",
      NOeprint         = "1411.7767",
      archivePrefix  = "arXiv",
      primaryClass   = "hep-ph",
}

@article{hydroPang2,
      author         = "Pang, Long Gang and Wang, Qun and Wang, Xin Nian",
      title          = "{Effects of initial flow velocity fluctuation in event-by-event (3+1)D hydrodynamics}",
      journal        = "Phys. Rev.",
      volume         = "C86",
      year           = "2012",
      pages          = "024911",
      doi            = "10.1103/PhysRevC.86.024911",
      NOeprint         = "1205.5019",
      archivePrefix  = "arXiv",
      primaryClass   = "nucl-th",
}

@MISC{hydroPrivateCom,
     title = "",
     howpublished = "and private communication",
}

@article{latticeBanerjee,
      author         = "Banerjee, Debasish and Datta, Saumen and Gavai, Rajiv and
                        Majumdar, Pushan",
      title          = "{Heavy Quark Momentum Diffusion Coefficient from Lattice
                        QCD}",
      journal        = "Phys. Rev.",
      volume         = "D85",
      year           = "2012",
      pages          = "014510",
      doi            = "10.1103/PhysRevD.85.014510",
      NOeprint         = "1109.5738",
      archivePrefix  = "arXiv",
      primaryClass   = "hep-lat",
      reportNumber   = "TIFR-TH-11-41",
}

@article{latticeDing,
      author         = "Ding, Heng Tong and Karsch, Frithjof and Mukherjee,
                        Swagato",
      title          = "{Thermodynamics of strong-interaction matter from Lattice
                        QCD}",
      journal        = "Int. J. Mod. Phys.",
      volume         = "E24",
      year           = "2015",
      number         = "10",
      pages          = "1530007",
      doi            = "10.1142/S0218301315300076",
      NOeprint         = "1504.05274",
      archivePrefix  = "arXiv",
      primaryClass   = "hep-lat",
}

@article{PDG,
	author     = "Olive, K.A. and others",
	journal     = "Chin. Phys.",
	volume    = "C38",
	year         = "2014",
	pages      = "090001",
}


@article{HFSummary,
      author         = "Andronic, A. and others",
      title          = "{Heavy-flavour and quarkonium production in the LHC era:
                        from proton-proton to heavy-ion collisions}",
      journal	       = "Eur. Phys. J.",
      volume      = "C76",
      year           = "2016",
      pages        = "107",
      doi             = "10.1140/epjc/s10052-015-3819-5",
      NOeprint         = "1506.03981",
      archivePrefix  = "arXiv",
      primaryClass   = "nucl-ex",
}

@MISC{HFT,
     author    = "Beavis, D. and others",
     title = "The STAR Heavy Flavor Tracker Technical Design Report",
     howpublished = "{\burl{https://drupal.star.bnl.gov/STAR/starnotes/public/sn0600}}",
     url          = "https://drupal.star.bnl.gov/STAR/starnotes/public/sn0600",
     year      = "2011",
}

@article{HFTQM14,
      author         = "Qiu, Hao",
      title          = "{STAR heavy flavor tracker}",
      collaboration  = "STAR",
      journal        = "Nucl. Phys.",
      volume         = "A931",
      year           = "2014",
      pages          = "1141-1146",
      doi            = "10.1016/j.nuclphysa.2014.08.056",
}

@article{PXL,
      author         = "Contin, Giacomo and others",
      title          = "{The STAR MAPS-based PiXeL detector}",
      doi            = "10.1016/j.nima.2018.03.003",
      year           = "2017",
      eprint         = "1710.02176",
      archivePrefix  = "arXiv",
      primaryClass   = "physics.ins-det",
      SLACcitation   = "%%CITATION = ARXIV:1710.02176;%%"
}

@article{Shao:2005iu,
      author         = "Shao, M. and others",
      title          = "{Extensive particle identification with TPC and TOF at
                        the STAR experiment}",
      journal        = "Nucl. Instrum. Meth.",
      volume         = "A558",
      year           = "2006",
      pages          = "419-429",
      doi            = "10.1016/j.nima.2005.11.251",
      eprint         = "nucl-ex/0505026",
      archivePrefix  = "arXiv",
      primaryClass   = "nucl-ex",
      SLACcitation   = "%%CITATION = NUCL-EX/0505026;%%"
}

@article{Xu:2008th,
      author         = "Xu, Yichun and others",
      title          = "{Improving the dE/dx calibration of the STAR TPC for the
                        high-pT hadron identification}",
      journal        = "Nucl. Instrum. Meth.",
      volume         = "A614",
      year           = "2010",
      pages          = "28-33",
      doi            = "10.1016/j.nima.2009.12.011",
      eprint         = "0807.4303",
      archivePrefix  = "arXiv",
      primaryClass   = "physics.ins-det",
      SLACcitation   = "%%CITATION = ARXIV:0807.4303;%%"
}

@article{Adams:2003xp,
      author         = "Adams, J. and others",
      title          = "{Identified particle distributions in pp and Au+Au
                        collisions at s(NN)**(1/2) = 200 GeV}",
      collaboration  = "STAR",
      journal        = "Phys. Rev. Lett.",
      volume         = "92",
      year           = "2004",
      pages          = "112301",
      doi            = "10.1103/PhysRevLett.92.112301",
      eprint         = "nucl-ex/0310004",
      archivePrefix  = "arXiv",
      primaryClass   = "nucl-ex",
      SLACcitation   = "%%CITATION = NUCL-EX/0310004;%%"
}

@Article{Adams:2004wz,
     author    = "Adams, J. and others",
     collaboration = "STAR",
     title     = "{Azimuthal anisotropy and correlations at large transverse
                  momenta in p  + p and Au + Au collisions at $\sqrt{s_{\rm NN}}$ = 200\,GeV}",
     journal   = "Phys. Rev. Lett.",
     volume    = "93",
     year      = "2004",
     pages     = "252301",
     NOeprint    = "nucl-ex/0407007",
     archivePrefix = "arXiv",
     doi       = "10.1103/PhysRevLett.93.252301",
}

@article{correlationMethod,
      author         = "Borghini, Nicolas and Dinh, Phuong Mai and Ollitrault,
                        Jean-Yves",
      title          = "{A New method for measuring azimuthal distributions in
                        nucleus-nucleus collisions}",
      journal        = "Phys. Rev.",
      volume         = "C63",
      year           = "2001",
      pages          = "054906",
      doi            = "10.1103/PhysRevC.63.054906",
      NOeprint         = "nucl-th/0007063",
      archivePrefix  = "arXiv",
      primaryClass   = "nucl-th",
      reportNumber   = "SACLAY-SPH-T-00-110",
}

@article{correlationMethod2,
      author         = "Bilandzic, Ante and Snellings, Raimond and Voloshin,
                        Sergei",
      title          = "{Flow analysis with cumulants: Direct calculations}",
      journal        = "Phys. Rev.",
      volume         = "C83",
      year           = "2011",
      pages          = "044913",
      doi            = "10.1103/PhysRevC.83.044913",
      NOeprint         = "1010.0233",
      archivePrefix  = "arXiv",
      primaryClass   = "nucl-ex",
}

@article{ksV2,
      author         = "Abelev, B. I. and others",
      title          = "{Centrality dependence of charged hadron and strange
                        hadron elliptic flow from $\sqrt{s_{\rm NN}}$ = 200\,GeV Au + Au
                        collisions}",
      collaboration  = "STAR",
      journal        = "Phys. Rev.",
      volume         = "C77",
      year           = "2008",
      pages          = "054901",
      doi            = "10.1103/PhysRevC.77.054901",
      NOeprint         = "0801.3466",
      archivePrefix  = "arXiv",
      primaryClass   = "nucl-ex",
}

@article{phiOmegaV2,
      author         = "Adamczyk, L. and others",
      title          = "{Centrality and transverse momentum dependence of elliptic flow of multi-strange
                         hadrons and $\phi$ meson in Au+Au collisions at $sqrt{s_{\rm NN}}$ = 200\,GeV}",
      collaboration  = "STAR",
      journal       = "Phys. Rev. Lett.",
      volume      = "116",
      year           = "2016",
      pages        = "062301",
      doi             = "10.1103/PhysRevLett.116.062301",
      NOeprint         = "1507.05247",
      archivePrefix  = "arXiv",
      primaryClass   = "nucl-ex",
}

@article{RHIC,
      author         = "Hahn, H. and others",
      title          = "{The RHIC design overview}",
      journal        = "Nucl. Instrum. Meth.",
      volume         = "A499",
      pages          = "245-263",
      doi            = "10.1016/S0168-9002(02)01938-1",
      year           = "2003",
}

@article{STAR,
      author         = "Ackermann, K. H. and others",
      title          = "{STAR detector overview}",
      NOcollaboration  = "STAR Collaboration",
      journal        = "Nucl. Instrum. Meth.",
      volume         = "A499",
      pages          = "624-632",
      doi            = "10.1016/S0168-9002(02)01960-5",
      year           = "2003",
}

@Article{TPC,
     author    = "Anderson, M. and others",
     title     = "{The STAR time projection chamber: A unique tool for
                  studying high  multiplicity events at RHIC}",
     journal   = "Nucl. Instrum. Meth.",
     volume    = "A499",
     year      = "2003",
     pages     = "659-678",
     doi       = "10.1016/S0168-9002(02)01964-2",
}

@article{TOF,
      author         = "Llope, W. J.",
      title          = "{Multigap RPCs in the STAR experiment at RHIC}",
      collaboration  = "STAR",
      journal        = "Nucl. Instrum. Meth.",
      volume         = "A661",
      year           = "2012",
      pages          = "S110-S113",
      doi            = "10.1016/j.nima.2010.07.086",
}

@article{VPD,
      author         = "Llope, W. J. and others",
      journal        = "Nucl. Instrum. Meth.",
      volume         = "A522",
      year           = "2004",
      pages          = "252",
      doi            = "10.1016/j.nima.2003.11.414",
}

@article{MCGlauber,
	author    = "Abelev, B.I. and others",
        collaboration  = "STAR",
	journal   = "Phys. Rev.",
	volume   = "C79",
	year       = "2009",
	pages    = "034909",
	doi       = "10.1103/PhysRevC.79.034909",
}

@article{TMVA,
      author         = "Hocker, Andreas and others",
      title          = "{TMVA - Toolkit for Multivariate Data Analysis}",
      journal        = "PoS",
      volume         = "ACAT",
      year           = "2007",
      pages          = "040",
      NOeprint         = "physics/0703039",
      archivePrefix  = "arXiv",
      primaryClass   = "PHYSICS",
      reportNumber   = "CERN-OPEN-2007-007",
}

@Article{Poskanzer98,
     author    = "Poskanzer, Arthur M. and Voloshin, S. A.",
     title     = "{Methods for analyzing anisotropic flow in relativistic
                  nuclear  collisions}",
     journal   = "Phys. Rev.",
     volume    = "C58",
     year      = "1998",
     pages     = "1671-1678",
     NOeprint    = "nucl-ex/9805001",
     archivePrefix = "arXiv",
     doi       = "10.1103/PhysRevC.58.1671",
}

@article{Masui:2012zh,
      author         = "Masui, Hiroshi and Schmah, Alexander and Poskanzer, Arthur M.",
      title          = "{Event plane resolution correction for azimuthal
                        anisotropy in wide centrality bins}",
      journal       = "Nucl. Instrum. Meth.",
      volume      = "A833",
      year           = "2016",
      pages        = "181",
      doi             = "10.1016/j.nima.2016.07.037",
      NOeprint         = "1212.3650",
      archivePrefix  = "arXiv",
      primaryClass   = "nucl-ex",
}

@article{Nasim:2016,
    author      = "Esha, Roli and Nasim, Md. and Huang, Huanzhong",
    title       = "{Insight from elliptic flow of open charm mesons using quark
                coalescence model at RHIC and LHC energies}",
    year        = 2016,
    eprint      = "1603.02700",
    archivePrefix = "arXiv",
    primaryClass  = "nucl-th",
}

@article{FONLL,
    author		= "Cacciari, Matteo and Nason, Paolo and Vogt, Ramona",
    title		= "{QCD Predictions for Charm and Bottom Quark Production at RHIC}",
    journal		= "Phys. Rev. Lett.",
    volume 		= "95",
    pages		= "122001",
    year		= "2005",
    howpublished = "{\burl{http://www.lpthe.jussieu.fr/~cacciari/fonll/fonllform.html}}",
    url          	= "http://www.lpthe.jussieu.fr/~cacciari/fonll/fonllform.html",
}
 
 @article{Bilandzic:2010jr,
      author         = "Bilandzic, Ante and Snellings, Raimond and Voloshin,
                        Sergei",
      title          = "{Flow analysis with cumulants: Direct calculations}",
      journal        = "Phys. Rev.",
      volume         = "C83",
      pages          = "044913",
      doi            = "10.1103/PhysRevC.83.044913",
      year           = "2011",
      eprint         = "1010.0233",
      archivePrefix  = "arXiv",
      primaryClass   = "nucl-ex",
}

@article{NCQscaling,
      author         = "Molnar, Denes and Voloshin, Sergei",
      title          = "{Elliptic Flow at Large Transverse Momenta from Quark Coalescence}",
      journal        = "Phys. Rev. Lett.",
      volume         = "91",
      pages          = "092301",
      doi            = "10.1103/PhysRevLett.91.092301",
      year           = "2003",
}

@article{PHENIXmTscaling,
      author         = "Afanasiev, S. and others",
      title          = "{Elliptic flow for $\phi$ mesons and (anti)deuterons in Au+Au collisions at $\sqrt{s_{\rm NN}}$ = 200\,GeV}",
      collaboration  = "PHENIX",
      journal        = "Phys. Rev. Lett.",
      volume         = "99",
      pages          = "052301",
      doi            = "10.1103/PhysRevLett.99.052301",
      year           = "2007",
}

@article{STAReh,
    author       = "Aggarwal, M.M. and others",
    title           = "{Measurement of Bottom Versus Charm as a Function of Transverse Momentum with Electron-Hadron Correlations in $p$+$p$ collisions at $\sqrt{s} = 200\,GeV}",
    collaboration = "STAR",
      journal        = "Phys. Rev. Lett.",
      volume         = "105",
      pages          = "202301",
      doi            = "10.1103/PhysRevLett.105.202301",
      year           = "2010",
}
    
@article{PHENIXecb,
    author       = "Adare, A. and others",
    title           = "{Single electron yields from semileptonic charm and bottom hadron decays in Au+Au collisions at $\sqrt{s_{_NN}}$ = 200\,GeV}",
    collaboration = "PHENIX",
      journal        = "Phys. Rev.",
      volume         = "C93",
      pages          = "034904",
      doi            = "10.1103/PhysRevC.93.034904",
      year           = "2016",
}
    
@article{Schnedermann:1993ws,
      author         = "Schnedermann, Ekkard and others",
      title          = "{Thermal phenomenology of hadrons from 200-A/GeV S+S collisions}",
      journal        = "Phys. Rev.",
      volume         = "C48",
      year           = "1993",
      pages          = "2462-2475",
      doi            = "10.1103/PhysRevC.48.2462",
      eprint         = "nucl-th/9307020",
      archivePrefix  = "arXiv",
      primaryClass   = "nucl-th",
      reportNumber   = "TPR-93-16",
      SLACcitation   = "%%CITATION = NUCL-TH/9307020;%%"
}

@article{Tang:2008ud,
      author         = "Tang, Zebo and others",
      title          = "{Spectra and radial flow at RHIC with Tsallis statistics
                        in a Blast-Wave description}",
      journal        = "Phys. Rev.",
      volume         = "C79",
      year           = "2009",
      pages          = "051901",
      doi            = "10.1103/PhysRevC.79.051901",
      eprint         = "0812.1609",
      archivePrefix  = "arXiv",
      primaryClass   = "nucl-ex",
      reportNumber   = "BNL-KB-02-02",
      SLACcitation   = "%%CITATION = ARXIV:0812.1609;%%"
}

@article{Xu:2017obm,
      author         = "Xu, Yingru and others",
      title          = "{A data-driven analysis for the temperature and momentum
                        dependence of the heavy quark diffusion coefficient in
                        relativistic heavy-ion collisions}",
      year           = "2017",
      eprint         = "1710.00807",
      archivePrefix  = "arXiv",
      primaryClass   = "nucl-th",
      SLACcitation   = "%%CITATION = ARXIV:1710.00807;%%"
}

@article{Cao:2016gvr,
      author         = "Cao, Shanshan and others",
      title          = "{Linearized Boltzmann transport model for jet propagation
                        in the quark-gluon plasma: Heavy quark evolution}",
      journal        = "Phys. Rev.",
      volume         = "C94",
      year           = "2016",
      number         = "1",
      pages          = "014909",
      doi            = "10.1103/PhysRevC.94.014909",
      eprint         = "1605.06447",
      archivePrefix  = "arXiv",
      primaryClass   = "nucl-th",
      SLACcitation   = "%%CITATION = ARXIV:1605.06447;%%"
}

@MISC{LBT:private,
	 author = "Cao, Shanshan",
     title = "",
     howpublished = "and private communication",
}

@article{Oh2009,
  author = "Oh, Yongseok and others",
  doi = "10.1103/PhysRevC.79.044905",
  issn = "05562813",
  journal = "Physical Review C - Nuclear Physics",
  number = "4",
  pages = "1--10",
  title = "{Ratios of heavy baryons to heavy mesons in relativistic nucleus-nucleus collisions}",
  volume = "79",
  year = "2009"
}

@article{He2013,
  author = "He, Min and others",
  doi = "10.1103/PhysRevLett.110.112301",
  number = "March",
  pages = "1--5",
  title = "{Ds Meson as a Quantitative Probe of Diffusion and Hadronization in Nuclear Collisions}",
  volume = "112301",
  year = "2013"
}
    
@article{Adams2006_Identified,
  archivePrefix = "arXiv",
  arxivId = "nucl-ex/0606003",
  author = "Abelev, B. I. and others",
        collaboration  = "STAR",
  doi = "10.1103/PhysRevLett.97.152301",
  eprint = "0606003",
  isbn = "0031-9007 (Print)",
  issn = "00319007",
  journal = "Physical Review Letters",
  month = "oct",
  number = "15",
  pages = "152301",
  pmid = "17155321",
  primaryClass = "nucl-ex",
  title = "{Identified baryon and meson distributions at large transverse momenta from Au+Au collisions at $\sqrt{s_{_NN}}$ = 200a GeV}",
  url = "http://link.aps.org/doi/10.1103/PhysRevLett.91.182301",
  volume = "97",
  year = "2006"
  }

@article{Abelev2009,
  author = "Abelev, B I and others",
        collaboration  = "STAR",
  title = "{Measurements of $\phi$ meson production in relativistic heavy-ion collisions at the BNL Relativistic Heavy Ion Collider}",
  volume = "064903",
  year = "2009"
  }

@article{Agakishiev2012,
  author = "Agakishiev and others",
        collaboration  = "STAR",
  number = "February",
  pages = "1--6",
  title = "{Strangeness Enhancement in Cu-Cu and Au-Au Collisions at $\sqrt{s_{_NN}}$ = 200 GeV}",
  volume = "072301",
  year = "2012"
  }

@article{Alice_hadron_RAA,
  title = "Centrality dependence of charged particle production at large transverse momentum in PbPb collisions at sNN=2.76Â TeV",
  journal = "Physics Letters B",
  volume = "720",
  number = "1",
  pages = "52 - 62",
  year = "2013",
  issn = "0370-2693",
  doi = "https://doi.org/10.1016/j.physletb.2013.01.051",
  url = "http://www.sciencedirect.com/science/article/pii/S0370269313000920",
  author = "B. Abelev and others",
        collaboration  = "ALICE",
}

@article{PhenixPi0,
  title = "Suppression Pattern of Neutral Pions at High Transverse Momentum in $\mathrm{Au}+\mathrm{Au}$ Collisions at $\sqrt{{s}_{NN}}=200\text{ }\text{ }\mathrm{GeV}$ and Constraints on Medium Transport Coefficients",
  author = "Adare, A. and others", 
  collaboration = "PHENIX",
  journal = "Phys. Rev. Lett.",
  volume = "101",
  issue = "23",
  pages = "232301",
  numpages = "7",
  year = "2008",
  month = "Dec",
  publisher = "American Physical Society",
  doi = "10.1103/PhysRevLett.101.232301",
  url = "https://link.aps.org/doi/10.1103/PhysRevLett.101.232301"
 }

@article{urQMD,
  author="M Bleicher and others",
  title="Relativistic hadron-hadron collisions in the ultra-relativistic quantum molecular dynamics model",
  journal="Journal of Physics G: Nuclear and Particle Physics",
  volume="25",
  number="9",
  pages="1859",
  url="http://stacks.iop.org/0954-3899/25/i=9/a=308",
  year="1999"
}
  
@article{Csorgo:1995bi,
      author         = "Csorgo, T. and Lorstad, B.",
      title          = "{Bose-Einstein correlations for three-dimensionally
                        expanding, cylindrically symmetric, finite systems}",
      journal        = "Phys. Rev.",
      volume         = "C54",
      year           = "1996",
      pages          = "1390-1403",
      doi            = "10.1103/PhysRevC.54.1390",
      eprint         = "hep-ph/9509213",
      archivePrefix  = "arXiv",
      primaryClass   = "hep-ph",
      reportNumber   = "LUNFD6-NFFL-7082-REV, LUNFD6-NFFL-7082",
      SLACcitation   = "%%CITATION = HEP-PH/9509213;%%"
}

@article{Kolb:2003dz,
      author         = "Kolb, Peter F. and Heinz, Ulrich W.",
      title          = "{Hydrodynamic description of ultrarelativistic heavy ion
                        collisions}",
      year           = "2003",
      pages          = "634-714",
      eprint         = "nucl-th/0305084",
      archivePrefix  = "arXiv",
      primaryClass   = "nucl-th",
      reportNumber   = "SUNY-NTG-03-06",
      SLACcitation   = "%%CITATION = NUCL-TH/0305084;%%"
}

@phdthesis{Kaneta:1999lnf,
      author         = "Kaneta, Masashi",
      title          = "{Thermal and Chemical Freeze-out in Heavy Ion
                        Collisions}",
      school         = "Hiroshima U.",
      year           = "1999",
      url            = "https://www.phenix.bnl.gov/~kaneta/phd_thesis/phd.pdf",
      SLACcitation   = "%%CITATION = INSPIRE-1468214;%%"
}
